@article{Titman1993,
  title={Returns to Buying Winners and Selling Losers: Implications for Stock Market Efficiency},
  author={Jegadeesh, Titman},
  journal={Journal of Finance},
  year={1993}
}
@article{Moskowitz2011,
  author    = {Moskowitz, Tobias J. and Ooi, Yao Hua and Pedersen, Lasse Heje},
  title     = {Time Series Momentum},
  journal   = {Fama-Miller Working Paper},
  year      = {2011},
  note      = {Chicago Booth Research Paper No. 12-21},
  month     = {September 1},
  url       = {https://ssrn.com/abstract=2089463},
  doi       = {10.2139/ssrn.2089463},
}

@article{Asness2009,
  author    = {Asness, Cliff S. and Moskowitz, Tobias J. and Pedersen, Lasse Heje},
  title     = {Value and Momentum Everywhere},
  journal   = {AFA 2010 Atlanta Meetings Paper},
  year      = {2009},
  month     = {March 6},
  url       = {https://ssrn.com/abstract=1363476},
  doi       = {10.2139/ssrn.1363476},
}


@article{Maillard2008,
  author    = {Maillard, Sébastien and Roncalli, Thierry and Teiletche, Jerome},
  title     = {On the Properties of Equally-Weighted Risk Contributions Portfolios},
  journal   = {Journal of Portfolio Management},
  year      = {2008},
  month     = {September 22},
  note      = {\url{https://doi.org/10.3905/jpm.2010.36.4.060}},
  url       = {https://ssrn.com/abstract=1271972},
}

@article{Petukhina2020,
  author    = {Petukhina, Alla and Trimborn, Simon and Härdle, Wolfgang Karl and Elendner, Hermann},
  title     = {Investing with Cryptocurrencies – evaluating their potential for portfolio allocation strategies},
  journal   = {Quantitative Finance},
  year      = {2021},
  pages     = {1-29},
  month     = {October 23},
  note      = {Available at SSRN: \url{https://ssrn.com/abstract=3274193}},
  doi       = {10.2139/ssrn.3274193},
}

@article{Cazalet2014,
  author    = {Cazalet, Zélia and Roncalli, Thierry},
  title     = {Facts and Fantasies About Factor Investing},
  year      = {2014},
  month     = {October 31},
  note      = {Available at SSRN: \url{https://ssrn.com/abstract=2524547}},
  doi       = {10.2139/ssrn.2524547},
}

@article{Peek2019,
  author    = {Peek, Erik},
  title     = {A Study of Differences in Returns between Large and Small Companies in Europe},
  year      = {2019},
  month     = {April 30},
  note      = {Available at SSRN: \url{https://ssrn.com/abstract=2499205}},
  doi       = {10.2139/ssrn.2499205},
}

@article{Hsu2004,
  author    = {Hsu, Jason C.},
  title     = {Cap-Weighted Portfolios are Sub-Optimal Portfolios},
  journal   = {Journal of Investment Management},
  year      = {2006},
  volume    = {4},
  number    = {3},
  month     = {Third Quarter},
  note      = {Available at SSRN: \url{https://ssrn.com/abstract=647001}},
  doi       = {10.2139/ssrn.647001},
}

@article{Rohrbach2017,
  author    = {Rohrbach, Janick and Suremann, Silvan and Osterrieder, Joerg},
  title     = {Momentum and Trend Following Trading Strategies for Currencies Revisited - Combining Academia and Industry},
  year      = {2017},
  month     = {June 6},
  note      = {Available at SSRN: \url{https://ssrn.com/abstract=2949379}},
  doi       = {10.2139/ssrn.2949379},
}

@article{lezmi2018portfolio,
  title = {Portfolio Allocation with Skewness Risk: A Practical Guide},
  author = {Lezmi, Edmond and Malongo, Hassan and Roncalli, Thierry and Sobotka, R},
  year = {2018},
  month = {June 22},
  note = {Available at SSRN: \url{https://ssrn.com/abstract=3201319} or DOI: \url{http://dx.doi.org/10.2139/ssrn.3201319}}
}

@misc{brouty2022statistical,
      title={A statistical test of market efficiency based on information theory}, 
      author={Xavier Brouty and Matthieu Garcin},
      year={2022},
      eprint={2208.11976},
      archivePrefix={arXiv},
      primaryClass={q-fin.ST}
}